<?xml version="1.0" encoding="utf-8"?>
<record xmlns="http://www.loc.gov/MARC21/slim" xmlns:xsi="http://www.w3.org/2001/XMLSchema-instance" xsi:schemaLocation="http://www.loc.gov/MARC21/slim http://www.loc.gov/standards/marcxml/schema/MARC21slim.xsd">
	<leader>     nam a22        4500</leader>
	<controlfield tag="001">b19028957</controlfield>
	<controlfield tag="003">LeBAU</controlfield>
	<controlfield tag="006">m        d        </controlfield>
	<controlfield tag="007">cr cn |||m|||a</controlfield>
	<controlfield tag="008">170718s1910    ua      o     ||0 e ara d</controlfield>
	<datafield ind1=" " ind2=" " tag="040">
		<subfield code="a">NNU</subfield>
		<subfield code="b">ara</subfield>
		<subfield code="e">rda</subfield>
		<subfield code="c">NNU</subfield>
	</datafield>
	<datafield ind1="0" ind2="4" tag="082">
		<subfield code="a">576.8</subfield>
		<subfield code="2">23</subfield>
	</datafield>
	<datafield ind1="1" ind2=" " tag="100">
		<subfield code="6">880-01</subfield>
		<subfield code="a">Shumayyil, Shiblī,</subfield>
		<subfield code="d">-1917,</subfield>
		<subfield code="e">author.</subfield>
	</datafield>
	<datafield ind1="1" ind2="0" tag="240">
		<subfield code="6">880-02</subfield>
		<subfield code="a">Majmūʻat al-Duktūr Shiblī Shumayyil</subfield>
	</datafield>
	<datafield ind1="1" ind2="0" tag="245">
		<subfield code="6">880-03</subfield>
		<subfield code="a">al-Juz’ al-thānī min majmūʻat al-Duktūr Shiblī Shumayyil :</subfield>
		<subfield code="b">wa-huwa yabḥath fī mawḍū‘āt shattá ‘umrānīyah ṭabī‘īyah wa-‘ilmīyah wa-tārīkhīyah wa-adabīyah wa-siyāsīyah taqrīrīyah wa-intiqādīyah fukāhīyah.</subfield>
	</datafield>
	<datafield ind1=" " ind2="1" tag="264">
		<subfield code="6">880-04</subfield>
		<subfield code="a">Miṣr :</subfield>
		<subfield code="b">Maṭba‘at al-Ma‘ārif,</subfield>
		<subfield code="c">1910.</subfield>
	</datafield>
	<datafield ind1=" " ind2=" " tag="300">
		<subfield code="6">880-05</subfield>
		<subfield code="a">online resource (341, a-ṭ)</subfield>
	</datafield>
	<datafield ind1=" " ind2=" " tag="336">
		<subfield code="a">text</subfield>
		<subfield code="2">rdacontent</subfield>
	</datafield>
	<datafield ind1=" " ind2=" " tag="337">
		<subfield code="a">computer</subfield>
		<subfield code="2">rdamedia</subfield>
	</datafield>
	<datafield ind1=" " ind2=" " tag="338">
		<subfield code="a">online resource</subfield>
		<subfield code="2">rdacarrier</subfield>
	</datafield>
	<datafield ind1=" " ind2=" " tag="500">
		<subfield code="a">Part of the Arabic Collections Online (ACO) project, contributed by American University of Beirut's Jafet Memorial Library.</subfield>
	</datafield>
	<datafield ind1="0" ind2="0" tag="505">
		<subfield code="t">الجزء الثاني من مجموعة الدكتور شبلي شميل:</subfield>
		<subfield code="g">المقالة الأولى.</subfield>
		<subfield code="t">حوادث وأفكار --</subfield>
		<subfield code="g">المقالة الثانية.</subfield>
		<subfield code="t">الحياة وأصلها --</subfield>
		<subfield code="g">المقالة الثالثة.</subfield>
		<subfield code="t">الأدوار الجليدية وتأثيرها في الإنسان --</subfield>
		<subfield code="g">المقالة الرابعة.</subfield>
		<subfield code="t">الإجتماع البشري أو العمران --</subfield>
		<subfield code="g">المقالة الخامسة.</subfield>
		<subfield code="t">تاريخ الإجتماع الطبيعي --</subfield>
		<subfield code="g">المقالة السادسة.</subfield>
		<subfield code="t">القرآن والعمران --</subfield>
		<subfield code="g">المقالة السابعة.</subfield>
		<subfield code="t">ماذا قرأ وماذا رأي --</subfield>
		<subfield code="g">المقالة الثامنة.</subfield>
		<subfield code="t">حول مقالتي --</subfield>
		<subfield code="g">المقالة التاسعة.</subfield>
		<subfield code="t">رأى وقال --</subfield>
		<subfield code="g">المقالة العاشرة.</subfield>
		<subfield code="t">كشكول طبيب --</subfield>
		<subfield code="g">المقالة الحادية عشرة.</subfield>
		<subfield code="t">المرأة والرجل وهل يتساويان --</subfield>
		<subfield code="g">المقالة الثانية عشرة.</subfield>
		<subfield code="t">المرأة والرجل وهل يتساويان: رد --</subfield>
		<subfield code="g">المقالة الثالثة عشرة.</subfield>
		<subfield code="t">القضاء على القضاء --</subfield>
		<subfield code="g">المقالة الرابعة عشرة.</subfield>
		<subfield code="t">القضاء على القضاء: استئناف --</subfield>
		<subfield code="g">المقالة الخامسة عشرة.</subfield>
		<subfield code="t">احناء وانحاء --</subfield>
		<subfield code="g">المقالة السادسة عشرة.</subfield>
		<subfield code="t">الأذكار والإيناث --</subfield>
		<subfield code="g">المقالة السابعة عشرة.</subfield>
		<subfield code="t">فكرة الخير والشر --</subfield>
		<subfield code="g">المقالة الثامنة عشرة.</subfield>
		<subfield code="t">لطمة على خد العالم --</subfield>
		<subfield code="g">المقالة التاسعة عشرة.</subfield>
		<subfield code="t">القتل الإجتماعي --</subfield>
		<subfield code="g">المقالة العشرون.</subfield>
		<subfield code="t">كتاب فوضوي --</subfield>
		<subfield code="g">المقالة الحادية والعشرون.</subfield>
		<subfield code="t">الاشتراكية --</subfield>
		<subfield code="g">المقالة الثانية والعشرون.</subfield>
		<subfield code="t">المريض --</subfield>
		<subfield code="g">المقالة الثالثة والعشرون.</subfield>
		<subfield code="t">بمعزل عن الناس، او، حلم في اليقظة او يقظة في الحلم --</subfield>
		<subfield code="g">المقالة الرابعة والعشرون.</subfield>
		<subfield code="t">الإنتحار --</subfield>
		<subfield code="g">المقالة الخامسة والعشرون.</subfield>
		<subfield code="t">رجال الغد --</subfield>
		<subfield code="g">المقالة السادسة والعشرون.</subfield>
		<subfield code="t">الإشتراكيون --</subfield>
		<subfield code="g">المقالة السابعة والعشرون.</subfield>
		<subfield code="t">الإشتراكية --</subfield>
		<subfield code="g">المقالة الثامنة والعشرون.</subfield>
		<subfield code="t">الحزب الإشتراكي: على المبادئ الطبيعية --</subfield>
		<subfield code="g">المقالة التاسعة والعشرون.</subfield>
		<subfield code="t">وكما تكونون يولى عليكم --</subfield>
		<subfield code="g">المقالة الثلاثون.</subfield>
		<subfield code="t">انحطاط الشرق --</subfield>
		<subfield code="g">المقالة الحادية والثلاثون.</subfield>
		<subfield code="t">سيادة الأمم ومستقبل الملوك --</subfield>
		<subfield code="g">المقالة الثانية والثلاثون.</subfield>
		<subfield code="t">حلم هو الحقيقة --</subfield>
		<subfield code="g">المقالة الثالثة والثلاثون.</subfield>
		<subfield code="t">الزلازل غضب الآلهة --</subfield>
		<subfield code="g">المقالة الرابعة والثلاثون.</subfield>
		<subfield code="t">نظرة هامة في مسألة عامة: فكاهية انتقادية --</subfield>
		<subfield code="g">المقالة الخامسة والثلاثون.</subfield>
		<subfield code="t">شواغل --</subfield>
		<subfield code="g">المقالة السادسة والثلاثون.</subfield>
		<subfield code="t">القضاء المبرم --</subfield>
		<subfield code="g">المقالة السابعة والثلاثون.</subfield>
		<subfield code="t">لحس الأصابع --</subfield>
		<subfield code="g">المقالة الثامنة والثلاثون.</subfield>
		<subfield code="t">ضحايا الجهل، او، الانسانية المظلومة --</subfield>
		<subfield code="g">المقالة التاسعة والثلاثون.</subfield>
		<subfield code="t">الأمم والحروب --</subfield>
		<subfield code="g">المقالة الأربعون.</subfield>
		<subfield code="t">ا ب ت ث --</subfield>
		<subfield code="g">المقالة الحادية والأربعون.</subfield>
		<subfield code="t">التعليم العملي --</subfield>
		<subfield code="g">المقالة الثانية والأربعون.</subfield>
		<subfield code="t">ماذا اكتب --</subfield>
		<subfield code="g">المقالة الثالثة والأربعون.</subfield>
		<subfield code="t">كتابنا --</subfield>
		<subfield code="g">المقالة الرابعة والأربعون.</subfield>
		<subfield code="t">أم الجرائد --</subfield>
		<subfield code="g">المقالة الخامسة والأربعون.</subfield>
		<subfield code="t">الجرائد في الشرق --</subfield>
		<subfield code="g">المقالة السادسة والأربعون.</subfield>
		<subfield code="t">ارق ليلة --</subfield>
		<subfield code="g">المقالة السابعة والأربعون.</subfield>
		<subfield code="t">ان مع العلم لسحرا --</subfield>
		<subfield code="g">المقالة الثامنة والأربعون.</subfield>
		<subfield code="t">ظواهر لا تفسر --</subfield>
		<subfield code="g">المقالة التاسعة والأربعون.</subfield>
		<subfield code="t">صدى النفوس ورجع الصدى --</subfield>
		<subfield code="g">المقالة الخمسون.</subfield>
		<subfield code="t">هل في الوجود عالم آخر --</subfield>
		<subfield code="g">المقالة الحادية والخمسون.</subfield>
		<subfield code="t">مناجاة الأحلام وقرع الأوهام --</subfield>
		<subfield code="g">المقالة الثانية والخمسون.</subfield>
		<subfield code="t">مخاطبة الأومات: تفنيد مذهب ستيد --</subfield>
		<subfield code="g">المقالة الثالثة والخمسون.</subfield>
		<subfield code="t">علموهم ولا تقسروهم --</subfield>
		<subfield code="g">المقالة الرابعة والخمسون.</subfield>
		<subfield code="t">نفق أوليفر لودج: وهي مقالة خرافية فكاهية --</subfield>
		<subfield code="g">المقالة الخامسة والخمسون.</subfield>
		<subfield code="t">المريخ او معمل الحياة --</subfield>
		<subfield code="g">المقالة السادسة والخمسون.</subfield>
		<subfield code="t">العالم بعد 60 سنة، او امتياز قناة السويس وحقوق مصر --</subfield>
		<subfield code="g">المقالة السابعة والخمسون.</subfield>
		<subfield code="t">إلى جريدة الوطن في بيروت --</subfield>
		<subfield code="g">المقالة الثامنة والخمسون.</subfield>
		<subfield code="t">ساعة في الماضي --</subfield>
		<subfield code="g">المقالة التاسعة والخمسون.</subfield>
		<subfield code="t">آيات العصور الميثولوجية --</subfield>
		<subfield code="g">المقالة الستون.</subfield>
		<subfield code="t">حكم كاذب --</subfield>
		<subfield code="g">المقالة الحادية والستون.</subfield>
		<subfield code="t">اصلاح القضاء --</subfield>
		<subfield code="g">المقالة الثانية والستون.</subfield>
		<subfield code="t">من اين ابتدئ --</subfield>
		<subfield code="g">المقالة الثالثة والستون.</subfield>
		<subfield code="t">بئس الإخلاص --</subfield>
		<subfield code="g">المقالة الرابعة والستون.</subfield>
		<subfield code="t">الدين والحق --</subfield>
		<subfield code="g">المقالة الخامسة والستون.</subfield>
		<subfield code="t">شكوى المستأجرين --</subfield>
		<subfield code="g">المقالة السادسة والستون.</subfield>
		<subfield code="t">الحاجيات والكماليات --</subfield>
		<subfield code="g">المقالة السابعة والستون.</subfield>
		<subfield code="t">حق لا صلف وواجب لا رحمة --</subfield>
		<subfield code="g">المقالة الثامنة والستون.</subfield>
		<subfield code="t">حرية الطباعة --</subfield>
		<subfield code="g">المقالة التاسعة والستون.</subfield>
		<subfield code="t">الدفن والمدافن.</subfield>
	</datafield>
	<datafield ind1=" " ind2=" " tag="533">
		<subfield code="a">Electronic reproduction.</subfield>
		<subfield code="b">New York, N.Y. :</subfield>
		<subfield code="c">New York University,</subfield>
		<subfield code="d">2017.</subfield>
		<subfield code="5">NNU</subfield>
	</datafield>
	<datafield ind1=" " ind2="4" tag="655">
		<subfield code="a">مقالات.</subfield>
	</datafield>
	<datafield ind1=" " ind2="0" tag="655">
		<subfield code="a">Essays.</subfield>
	</datafield>
	<datafield ind1="2" ind2=" " tag="710">
		<subfield code="a">Jafet Memorial Library.</subfield>
	</datafield>
	<datafield ind1="0" ind2=" " tag="730">
		<subfield code="a">Arabic Collections Online.</subfield>
	</datafield>
	<datafield ind1="0" ind2="8" tag="776">
		<subfield code="i">Print version:</subfield>
		<subfield code="a">Shumayyil, Shiblī, -1917, author.</subfield>
		<subfield code="t">al-Juz’ al-thānī min majmūʻat al-Duktūr Shiblī Shumayyil</subfield>
		<subfield code="w">(LeBAU)b19028957</subfield>
	</datafield>
	<datafield ind1="4" ind2="0" tag="856">
		<subfield code="u">http://hdl.handle.net/2333.1/m905qmqb</subfield>
	</datafield>
	<datafield ind1="1" ind2=" " tag="880">
		<subfield code="6">100-01/(3/r</subfield>
		<subfield code="a">شميل، شبلي،</subfield>
		<subfield code="d">-1917،</subfield>
		<subfield code="e">مؤلف. </subfield>
		<subfield code="4">aut.</subfield>
	</datafield>
	<datafield ind1="1" ind2="0" tag="880">
		<subfield code="6">240-02/(3/r</subfield>
		<subfield code="a">مجموعة الدكتور شبلي شميل</subfield>
	</datafield>
	<datafield ind1="1" ind2="0" tag="880">
		<subfield code="6">245-03/(3/r</subfield>
		<subfield code="a">الجزء الثاني من مجموعة الدكتور شبلي شميل :</subfield>
		<subfield code="b">وهو يبحث في موضوعات شتى عمرانية طبيعية وعلمية وتاريخية وأدبية وسياسية تقريرية وانتقادية فكاهية.</subfield>
	</datafield>
	<datafield ind1=" " ind2="1" tag="880">
		<subfield code="6">264-04/(3/r</subfield>
		<subfield code="a">مصر :</subfield>
		<subfield code="b">مطبعة المعارف،</subfield>
		<subfield code="c">1910.</subfield>
	</datafield>
	<datafield ind1=" " ind2=" " tag="880">
		<subfield code="6">300-05/(3/r</subfield>
		<subfield code="a">341، ا-ط ؛ </subfield>
		<subfield code="c">24 سم</subfield>
	</datafield>
	<datafield ind1=" " ind2=" " tag="959">
		<subfield code="a">NNU</subfield>
		<subfield code="b">WEB</subfield>
		<subfield code="c">GENI</subfield>
		<subfield code="t">0</subfield>
		<subfield code="m">Electronic access</subfield>
		<subfield code="s">01</subfield>
	</datafield>
	<datafield ind1=" " ind2=" " tag="999">
		<subfield code="i">LeBAU_b19028957</subfield>
		<subfield code="s">aub_aco001175:v.2</subfield>
		<subfield code="e">(ERROR-MISC)</subfield>
	</datafield>
</record>
